@article{Costello2005,
  author          = {Costello B. and Muller L. and Amitani S. and Edmonds E.},
  journal         = {ACM Int. Conf. Proceeding Ser.},
  number          = {},
  title           = {Understanding the Experience of Interactive Art: Iamascope in Beta\_space},
  volume          = {123},
  year            = {2005},
  pages           = {49-56}
}

@article{sigmar2021,
  author          = {Sigmar Schnutenhaus and Cornelia Edelmann and Anne Knipper and Ralph G. Luthardt},
  journal         = {Journal of Clinical Medicine},
  number          = {4},
  title           = {Accuracy of Dynamic Computer-Assisted Implant Placement: A Systematic Review and Meta-Analysis of Clinical and
In Vitro Studies},
  volume          = {10},
  year            = {Feb. 2021}
}

@article{Jaafar2020,
  author          = {Jaafar Abduo and Douglas Lau},
  journal         = {International Journal ofImplant Dentistry},
  number          = {10},
  title           = {Accuracy of static computer-assisted implant placement in anterior and posterior sites by clinicians new to implant dentistry: In vitro comparison of fully guided, pilot-guided, and freehand protocols},
  volume          = {6},
  year            = {2020},
  doi             = {https://doi.org/10.1186/s40729-020-0205-3},
}

@article{kanebayashi2019,
  author          = {金林雄太},
  journal         = {2019年度卒業研究抄録集},
  title           = {歯科インプラント治療における{AR}技術を用いた手術支援システムの開発},
  pages           = {1-4},
  year            = {2020}
}

@article{Dong2020,
  author          = {Dong Wu and Lin Zhou and Jin Yang and Bao Zhang and Yanjun Lin and Jiang Chen and Wenxiu Huang and Yonghui Chen},
  journal         = {International Journal of Implant Dentistry},
  number          = {78},
  title           = {Accuracy of dynamic navigation compared to static surgical guide for dental implant placement},
  volume          = {6},
  year            = {2020},
  pages           = {}
}

@article{Fernando2018,
  author          = {Fernando Bover-Ramos and José Viña-Almunia and Juan Cervera-Ballester and Miguel Peñarrocha-Diago and Berta García-Mira},
  journal         = {The International Journal of ORAL \& MAXILLOFACIAL IMPLANTS},
  number          = {1},
  title           = {Accuracy of Implant Placement with Computer-Guided Surgery: A Systematic Review and Meta-Analysis Comparing Cadaver, Clinical, and In Vitro Studies},
  volume          = {33},
  pages           = {101-115},
  year            = {2018}
}

@article{Wang2014,
  author          = {Junchen Wang and Hideyuki Suenaga and Kazuto Hoshi and Liangjing Yang and Etsuko Kobayashi and Ichiro Sakuma and Hongen Liao},
  journal         = {IEEE Transactions on Biomedical Engineering},
  number          = {4},
  title           = {Augmented Reality Navigation With AutomaticMarker-Free Image Registration Using 3-D ImageOverlay for Dental Surgery},
  volume          = {61},
  year            = {2014},
  pages           = {1295-1304},
}

@article{Michael2017,
  author          = {Michael S. Block and Robert W. Emery and Kathryn Lank and James Ryan},
  journal         = {The International Journal of ORAL \& MAXILLOFACIAL IMPLANTS},
  number          = {1},
  title           = {Implant Placement Accuracy Using Dynamic Navigation},
  volume          = {32},
  year            = {2017},
  pages           = {92-99},
}

@article{visionLib,
  author          = {Visometry},
  journal         = {},
  number          = {},
  title           = {},
  volume          = {},
  year            = {}
}

@article{Xguide,
  author          = {Nobel Biocare},
  title           = {X-Guide® | Nobel Biocare},
  year            = {}
}

@article{multiModelTracking,
  author          = {Visometry},
  title           = {vlSDK: Multi Model Tracking (Beta)},
  volume          = {},
  year            = {}
}

@article{Okubo2017,
  author          = {小久保裕司},
  journal         = {日本口腔インプラント学会誌},
  number          = {2},
  title           = {デジタル技術からみたインプラント治療の現在と未来},
  volume          = {30},
  year            = {2017},
  pages           = {69-78},
}

@article{Jordi2019,
  author          = {Jordi Gargallo-Albiol and Shayan Barootchi and Oscar Salomó-Coll and Hom-lay Wang},
  journal         = {Annals of Anatomy - Anatomischer Anzeiger},
  number          = {1},
  title           = {Advantages and disadvantages of implant navigation surgery. A systematic review},
  volume          = {225},
  year            = {2019},
  pages           = {1-10},
}

@article{AppleSpec,
  author          = {Apple},
  journal         = {},
  number          = {},
  title           = {iPad Pro - Technical Specifications - Apple},
  volume          = {},
  year            = {}
}
@article{Holynski2018,
  author          = {Aleksander Holynski and Johannes Kopf},
  journal         = {ACM Transactions on Graphics},
  number          = {6},
  title           = {Fast Depth Densification for Occlusion-aware Augmented Reality},
  volume          = {37},
  year            = {2018}
}